% Encoding: UTF-8

@Article{mansour2018competing,
  author  = {Mansour, Yishay and Slivkins, Aleksandrs and Wu, Zhiwei Steven},
  title   = {Competing bandits: Learning under competition},
  journal = {Innovations in Theoretical Computer Science (ITCS)},
  year    = {2018},
}

@Article{che2017recommender,
  author    = {Che, Yeon-Koo and H{\"o}rner, Johannes},
  title     = {Recommender systems as mechanisms for social learning},
  journal   = {The Quarterly Journal of Economics},
  year      = {2017},
  volume    = {133},
  number    = {2},
  pages     = {871--925},
  publisher = {Oxford University Press},
}

@misc{prufer2017competing,
  title={Competing with big data},
  author={Prufer, Jens and Schottm{\"u}ller, Christoph},
  year={2017},
  publisher={TILEC Discussion Paper}
}

@article{Ufuk-jeea15,
author = {Akcigit, Ufuk and Liu, Qingmin},
title = {The Role Of Information In Innovation And Competition},
journal = {Journal of the European Economic Association},
volume = {14},
number = {4},
pages = {828-870},
year = {2016}
}


@article{keller2003price,
  title={Price dispersion and learning in a dynamic differentiated-goods duopoly},
  author={Keller, Godfrey and Rady, Sven},
  journal={RAND Journal of Economics},
  pages={138--165},
  year={2003},
  publisher={JSTOR}
}

@article{dasgupta1988learning,
  title={Learning-by-doing, market structure and industrial and trade policies},
  author={Dasgupta, Partha and Stiglitz, Joseph},
  journal={Oxford Economic Papers},
  volume={40},
  number={2},
  pages={246--268},
  year={1988},
  publisher={Oxford University Press}
}

@Article{kremer2014implementing,
  author    = {Kremer, Ilan and Mansour, Yishay and Perry, Motty},
  title     = {Implementing the “wisdom of the crowd”},
  journal   = {Journal of Political Economy},
  year      = {2014},
  volume    = {122},
  number    = {5},
  pages     = {988--1012},
  publisher = {University of Chicago Press Chicago, IL},
}

@inproceedings{ben2017best,
  title={Best response regression},
  author={Ben-Porat, Omer and Tennenholtz, Moshe},
  booktitle={Advances in Neural Information Processing Systems},
  pages={1499--1508},
  year={2017}
}

@inproceedings{ben2019regression,
  title={Regression equilibrium},
  author={Ben-Porat, Omer and Tennenholtz, Moshe},
  booktitle={Proceedings of the 2019 ACM Conference on Economics and Computation},
  pages={173--191},
  year={2019}
}

@InProceedings{mansour2015bayesian,
  author       = {Mansour, Yishay and Slivkins, Aleksandrs and Syrgkanis, Vasilis},
  title        = {Bayesian incentive-compatible bandit exploration},
  booktitle    = {Proceedings of the Sixteenth ACM Conference on Economics and Computation},
  year         = {2015},
  pages        = {565--582},
  organization = {ACM},
}

@article{fudenberg1983learning,
  title={Learning-by-doing and market performance},
  author={Fudenberg, Drew and Tirole, Jean},
  journal={The Bell Journal of Economics},
  pages={522--530},
  year={1983},
  publisher={JSTOR}
}

@Article{bubeck2012regret,
  author    = {Bubeck, S{\'e}bastien and Cesa-Bianchi, Nicolo and others},
  title     = {Regret analysis of stochastic and nonstochastic multi-armed bandit problems},
  journal   = {Foundations and Trends{\textregistered} in Machine Learning},
  year      = {2012},
  volume    = {5},
  number    = {1},
  pages     = {1--122},
  publisher = {Now Publishers, Inc.},
}

@Article{keller2005strategic,
  author    = {Keller, Godfrey and Rady, Sven and Cripps, Martin},
  title     = {Strategic experimentation with exponential bandits},
  journal   = {Econometrica},
  year      = {2005},
  volume    = {73},
  number    = {1},
  pages     = {39--68},
  publisher = {Wiley Online Library},
}

@Article{aghion2005competition,
  author    = {Aghion, Philippe and Bloom, Nick and Blundell, Richard and Griffith, Rachel and Howitt, Peter},
  title     = {Competition and innovation: An inverted-U relationship},
  journal   = {The Quarterly Journal of Economics},
  year      = {2005},
  volume    = {120},
  number    = {2},
  pages     = {701--728},
  publisher = {MIT Press},
}

@Article{barro2004economic,
  author  = {Barro, Robert J and Sala-i-Martin, Xavier},
  title   = {Economic Growth: MIT Press},
  journal = {Cambridge, Massachusettes},
  year    = {2004},
}

@Article{bolton1999strategic,
  author    = {Bolton, Patrick and Harris, Christopher},
  title     = {Strategic experimentation},
  journal   = {Econometrica},
  year      = {1999},
  volume    = {67},
  number    = {2},
  pages     = {349--374},
  publisher = {Wiley Online Library},
}

@InProceedings{agrawal2012analysis,
  author    = {Agrawal, Shipra and Goyal, Navin},
  title     = {Analysis of thompson sampling for the multi-armed bandit problem},
  booktitle = {Conference on Learning Theory},
  year      = {2012},
  pages     = {39--1},
}

@InProceedings{immorlica2011dueling,
  author       = {Immorlica, Nicole and Kalai, Adam Tauman and Lucier, Brendan and Moitra, Ankur and Postlewaite, Andrew and Tennenholtz, Moshe},
  title        = {Dueling algorithms},
  booktitle    = {Proceedings of the forty-third annual ACM symposium on Theory of computing},
  year         = {2011},
  pages        = {215--224},
  organization = {ACM},
}

@Article{kerin1992first,
  author    = {Kerin, Roger A and Varadarajan, P Rajan and Peterson, Robert A},
  title     = {First-mover advantage: A synthesis, conceptual framework, and research propositions},
  journal   = {The Journal of Marketing},
  year      = {1992},
  pages     = {33--52},
  publisher = {JSTOR},
}

@TechReport{bajari2018impact,
  author      = {Bajari, Patrick and Chernozhukov, Victor and Horta{\c{c}}su, Ali and Suzuki, Junichi},
  title       = {The impact of big data on firm performance: An empirical investigation},
  institution = {National Bureau of Economic Research},
  year        = {2018},
}

@InCollection{varian2018artificial,
  author    = {Varian, Hal},
  title     = {Artificial intelligence, economics, and industrial organization},
  booktitle = {The Economics of Artificial Intelligence: An Agenda},
  publisher = {University of Chicago Press},
  year      = {2018},
}

@misc{lambrecht2015can,
  author = {Lambrecht, Anja and Tucker, Catherine E},
  title  = {Can Big Data protect a firm from competition?},
  year   = {2015},
}

@Book{tirole1988theory,
  title     = {The theory of industrial organization},
  publisher = {MIT press},
  year      = {1988},
  author    = {Tirole, Jean},
}

@Article{russo2018tutorial,
  author    = {Russo, Daniel J and Van Roy, Benjamin and Kazerouni, Abbas and Osband, Ian and Wen, Zheng and others},
  title     = {A tutorial on thompson sampling},
  journal   = {Foundations and Trends{\textregistered} in Machine Learning},
  year      = {2018},
  volume    = {11},
  number    = {1},
  pages     = {1--96},
  publisher = {Now Publishers, Inc.},
}

@Article{schmalensee1982product,
  author    = {Schmalensee, Richard},
  title     = {Product differentiation advantages of pioneering brands},
  journal   = {The American Economic Review},
  year      = {1982},
  volume    = {72},
  number    = {3},
  pages     = {349--365},
  publisher = {JSTOR},
}

@Article{athey2001investment,
  author    = {Athey, Susan and Schmutzler, Armin},
  title     = {Investment and market dominance},
  journal   = {RAND Journal of economics},
  year      = {2001},
  pages     = {1--26},
  publisher = {JSTOR},
}

@Article{bagwell1990informational,
  author    = {Bagwell, Kyle},
  title     = {Informational product differentiation as a barrier to entry},
  journal   = {International Journal of Industrial Organization},
  year      = {1990},
  volume    = {8},
  number    = {2},
  pages     = {207--223},
  publisher = {Elsevier},
}

@article{cabral1994learning,
  title={The learning curve, market dominance, and predatory pricing},
  author={Cabral, Luis MB and Riordan, Michael H},
  journal={Econometrica: Journal of the Econometric Society},
  pages={1115--1140},
  year={1994},
  publisher={JSTOR}
}

@misc{de2020data,
  title={Data and Competition: a General Framework with Applications to Mergers, Market Structure, and Privacy Policy},
  author={De Corniere, Alexandre and Taylor, Greg},
  year={2020},
  publisher={CEPR Discussion Paper No. DP14446}
}

@techreport{hagiu2020data,
  title={Data-enabled learning, network effects and competitive advantage},
  author={Hagiu, Andrei and Wright, Julian},
  year={2020},
  institution={Working Paper}
}

@article{jullien2019economics,
  title={The economics of platforms: A theory guide for competition policy},
  author={Jullien, Bruno and Sand-Zantman, Wilfried},
  journal={TSE Digital Center Policy Papers series},
  number={1},
  year={2019}
}

@article{scott2019committee,
  title={Committee for the study of digital platforms: Market structure and antitrust subcommittee report},
  author={Scott Morton, Fiona and Bouvier, Pascal and Ezrachi, Ariel and Jullien, Bruno and Katz, Roberta and Kimmelman, Gene and Melamed, A Douglas and Morgenstern, Jamie},
  journal={Chicago: Stigler Center for the Study of the Economy and the State, University of Chicago Booth School of Business},
  year={2019}
}

@article{furman2019unlocking,
  title={Unlocking digital competition},
  author={Furman, Jason and Coyle, Diane and Fletcher, Amelia and McAuley, Derek and Marsden, Philip},
  journal={Report of the digital competition expert panel},
  year={2019}
}

@article{bergemann2000experimentation,
  title={Experimentation in markets},
  author={Bergemann, Dirk and V{\"a}lim{\"a}ki, Juuso},
  journal={The Review of Economic Studies},
  volume={67},
  number={2},
  pages={213--234},
  year={2000},
  publisher={Wiley-Blackwell}
}

@article{bergemann1997market,
  title={Market diffusion with two-sided learning},
  author={Bergemann, Dirk and V{\"a}lim{\"a}ki, Juuso},
  journal={The RAND Journal of Economics},
  pages={773--795},
  year={1997},
  publisher={JSTOR}
}

@book{luce1959choice,
	title={Individual Choice Behavior: A Theoretical Analysis},
	author={Luce, Duncan},
	publisher={John Wiley},
	year={1959}
}

@article{matvejka2015rational,
  title={Rational inattention to discrete choices: A new foundation for the multinomial logit model},
  author={Mat{\v{e}}jka, Filip and McKay, Alisdair},
  journal={American Economic Review},
  volume={105},
  number={1},
  pages={272--98},
  year={2015}
}

@article{mcfadden1974measurement,
  title={The measurement of urban travel demand},
  author={McFadden, Daniel},
  journal={Journal of public economics},
  volume={3},
  number={4},
  pages={303--328},
  year={1974},
  publisher={Elsevier}
}

@article{mosteller1951experimental,
  title={An experimental measurement of utility},
  author={Mosteller, Frederick and Nogee, Philip},
  journal={Journal of Political Economy},
  volume={59},
  number={5},
  pages={371--404},
  year={1951},
  publisher={The University of Chicago Press}
}

@Comment{jabref-meta: databaseType:bibtex;}
