% Encoding: UTF-8




@Article{barro2004economic,
  author  = {Barro, Robert J and Sala-i-Martin, Xavier},
  title   = {Economic Growth: MIT Press},
  journal = {Cambridge, Massachusettes},
  year    = {2004},
}

@Book{tirole1988theory,
  title     = {The theory of industrial organization},
  publisher = {MIT press},
  year      = {1988},
  author    = {Tirole, Jean},
}

@Article{kerin1992first,
  author    = {Kerin, Roger A and Varadarajan, P Rajan and Peterson, Robert A},
  title     = {First-mover advantage: A synthesis, conceptual framework, and research propositions},
  journal   = {The Journal of Marketing},
  year      = {1992},
  pages     = {33--52},
  publisher = {JSTOR},
}

@Comment{jabref-meta: databaseType:bibtex;}
